%% This BibTeX bibliography file was created using BibDesk.
%% http://bibdesk.sourceforge.net/


%% Created for Peter Schmiedeskamp at 2014-02-13 10:02:24 -0800 


%% Saved with string encoding Unicode (UTF-8) 



@electronic{The-Dark-Sky-Company:aa,
	Author = {{The Dark Sky Company}},
	Date-Added = {2014-02-13 18:00:35 +0000},
	Date-Modified = {2014-02-13 18:02:24 +0000},
	Title = {Forecast API Docs},
	Url = {https://developer.forecast.io/docs/v2},
	Urldate = {2013}}

@electronic{City-of-Seattle:aa,
	Author = {{City of Seattle}},
	Date-Added = {2014-02-13 17:53:50 +0000},
	Date-Modified = {2014-02-13 17:57:48 +0000},
	Lastchecked = {14 February 2014},
	Title = {Fremont Bridge Bike Counter},
	Url = {http://www.seattle.gov/transportation/bikecounter_fremont.htm},
	Urldate = {2013},
	Bdsk-Url-1 = {http://www.seattle.gov/transportation/bikecounter_fremont.htm}}

@techreport{City-of-Vancouver:1999aa,
	Author = {{City of Vancouver}},
	Date-Added = {2014-02-13 17:38:57 +0000},
	Date-Modified = {2014-02-13 17:39:51 +0000},
	Institution = {{City of Vancouver}},
	Title = {Bicycle Plan: Reviewing the Past, Planning the Future},
	Type = {Plan},
	Year = {1999}}

@article{Parkin:2008aa,
	Author = {Parkin, John and Wardman, Mark and Page, Matthew},
	Date-Added = {2014-02-13 17:32:25 +0000},
	Date-Modified = {2014-02-13 17:33:02 +0000},
	Journal = {Transportation},
	Number = {1},
	Pages = {93--109},
	Title = {Estimation of the Determinants of Bicycle Mode Share for the Journey to Work Using Census Data},
	Volume = {35},
	Year = {2008}}

@article{Niemeier:1996aa,
	Author = {Niemeier, Debbie A},
	Date-Added = {2014-02-13 17:31:14 +0000},
	Date-Modified = {2014-02-13 17:31:55 +0000},
	Journal = {Journal of Transportation Engineering},
	Number = {3},
	Pages = {200--206},
	Publisher = {American Society of Civil Engineers},
	Title = {Longitudinal Analysis of Bicycle Count Variability: Results and Modeling Implications},
	Volume = {122},
	Year = {1996}}

@techreport{Bassok:2011aa,
	Address = {Seattle},
	Author = {Bassok, Alon and Ginger, Noa and Hong, Andy and Murphy, John and Rose, Danielle and Schmiedeskamp, Peter and Snypp, Amanda and Torikai, Eiji},
	Date-Added = {2014-02-12 19:38:04 +0000},
	Date-Modified = {2014-02-13 15:46:08 +0000},
	Institution = {{Puget Sound Regional Council} and {University of Washington Department of Urban Design and Planning}},
	Title = {Bicycle Planning, Best Practices, and Count Methodology},
	Year = {2011}}
